@misc{ws2812_SPI,
    title = {Controlling WS2812(B) leds using STM32 HAL SPI},
    author = {Martin van der Werff},
    note = {Zugriff am: 31.01.2024},
    howpublished = {\url{https://www.newinnovations.nl/post/controlling-ws2812-and-ws2812b-using-only-stm32-spi/}}
}